<?xml version="1.0" encoding="UTF-8"?><collection><record><leader>05648ntm a2200589 a 4500</leader><controlfield tag="001">006815845</controlfield><controlfield tag="003">MiAaHDL</controlfield><controlfield tag="005">20190719000000.0</controlfield><controlfield tag="006">m        d        </controlfield><controlfield tag="007">cr bn ---auaua</controlfield><controlfield tag="008">090611s1573    xx            00| ||per d</controlfield><datafield tag="035" ind1=" " ind2=" "><subfield code="a">(MiU)006815845</subfield></datafield><datafield tag="035" ind1=" " ind2=" "><subfield code="a">sdr-miu006815845</subfield></datafield><datafield tag="040" ind1=" " ind2=" "><subfield code="a">MiU</subfield><subfield code="c">MiU</subfield><subfield code="e">amremm</subfield></datafield><datafield tag="043" ind1=" " ind2=" "><subfield code="a">n-us-mi</subfield></datafield><datafield tag="100" ind1="0" ind2=" "><subfield code="6">880-01</subfield><subfield code="a">Jāmī,</subfield><subfield code="d">1414-1492.</subfield></datafield><datafield tag="240" ind1="1" ind2="0"><subfield code="6">880-02</subfield><subfield code="a">Haft awrang.</subfield><subfield code="p">Subḥat al-abrār</subfield></datafield><datafield tag="245" ind1="1" ind2="0"><subfield code="6">880-03</subfield><subfield code="a">[Subḥat al-abrār,</subfield><subfield code="f">981, i.e. 1573].</subfield></datafield><datafield tag="246" ind1="3" ind2=" "><subfield code="i">Edge title (tail):</subfield><subfield code="a">سبحة الابرار</subfield></datafield><datafield tag="260" ind1=" " ind2=" "><subfield code="c">[1573].</subfield></datafield><datafield tag="300" ind1=" " ind2=" "><subfield code="a">131 leaves :</subfield><subfield code="b">paper ;</subfield><subfield code="c">237 x 168 (128 x 65) mm.</subfield></datafield><datafield tag="500" ind1=" " ind2=" "><subfield code="a">Shelfmark: Ann Arbor, University of Michigan, Special Collections Library, Isl. Ms. 330</subfield></datafield><datafield tag="500" ind1=" " ind2=" "><subfield code="a">Origin: As appears in colophon on p.261, copied by Muḥammad ibn Mullā Mīr al-Ustādī [?] with transcription completed 10 Rabīʻ II 981 [ca. 9 August 1573].</subfield></datafield><datafield tag="500" ind1=" " ind2=" "><subfield code="a">Former shelfmark: "179 T. De M. [i.e. Tammaro De Marinis]" inscribed in pencil on recto of front flyleaf / 'title page' (now affixed to each other, p.1) ; ٩٥١ on tail edge of text block.</subfield></datafield><datafield tag="500" ind1=" " ind2=" "><subfield code="a">Binding: Pasteboards covered in quite dark brown (to black) leather with dark red-brown leather repairs to spine and fore edge flap ; Type II binding (with flap) ; doublures in dark red leather with central mandorla, pendants and cornerpieces in filigree appliqué over blue paper and green silk as well as tooled border ; upper and lower covers carry stamped and gold-painted mandorla (filled with vegetal composition reminiscent of Déroche class. OSd 2) with pendants, cornerpieces and a series of bordering lozenges as well as a tooled border ; design continues on flap ; sewn in dull pink thread, two stations ; worked chevron endbands in dull pink and pale green [?], fair condition ; overall in fairly good condition with much abrasion, staining, lifting of leather, etc. ; housed in box for protection.</subfield></datafield><datafield tag="500" ind1=" " ind2=" "><subfield code="a">Support: non-European (likely Persian) laid paper with 8 laid lines per cm. (mainly vertical) and occasional pairs of chain lines faintly visible, dense and sturdy, quite heavily sized and burnished ; written area mounted in tinted leaves (mainly pink except for pp.134-144 where tinted pale orange or peach) ; some breakthrough at frames.</subfield></datafield><datafield tag="500" ind1=" " ind2=" "><subfield code="a">Decoration: Elegant illuminated headpiece (ʻunwān / sarlawḥ) at opening on p.2 consisting of large rectangular piece with empty gold cartouche flanked by pendants and surrounded by swirling arabesque with floral accents in red, turquoise, yellow, and gold on a field of lapis lazuli with border in white and turquoise bands outlining heavy gold interlace, surmounted by band of black with arabesque and floral motifs in turquoise, white, yellow, red, etc. and scalloped triangular piece or hasp continuing the floral vegetal design on fields of gold and lapis lazuli, all surmounted by vertical stalks (tīgh) in blue ; written area gold-flecked and surrounded by heavy frame in gold, turquoise, red and blue bands and rules ; keywords and section headings rubricated.</subfield></datafield><datafield tag="500" ind1=" " ind2=" "><subfield code="a">Script: Nastaʻlīq ; elegant hand ; serifless, with effect of words descending to baseline, closed counters, and elongated horizontal strokes, gāf marked with three dots.</subfield></datafield><datafield tag="500" ind1=" " ind2=" "><subfield code="a">Layout: Written in 12 lines per page ; written area often divided to two columns to set-off poetry ; frame-ruled.</subfield></datafield><datafield tag="500" ind1=" " ind2=" "><subfield code="a">Collation: 3 III(18), 6 IV(66), III (72), IV (80), III (86), IV (94), III+1 (101), 3 IV(125), III (131) ; ternions and quaternions ; catchwords present ; pagination in pencil, Western numerals, supplied during digitization.</subfield></datafield><datafield tag="500" ind1=" " ind2=" "><subfield code="a">Colophon: "Scribal," rectangular, reads "فرغ عن تحرير هذه الكتاب بعون الملك الوهاب كتبه العبد المذنب محمد بن ملا مير الاستادى في دهم شهر ربيع الآخر سنه ٩۸١ م"</subfield></datafield><datafield tag="500" ind1=" " ind2=" "><subfield code="a">Explicit: "قطع کردیم برین نكته سخن ختم الله لنا بالحسنی هو مولانا نعم المولی"</subfield></datafield><datafield tag="500" ind1=" " ind2=" "><subfield code="a">Incipit: "المنة لله که بخون گر خفتم یکچند چو غنچه عاقبت بشگفتم"</subfield></datafield><datafield tag="500" ind1=" " ind2=" "><subfield code="a">Title supplied by cataloguer.</subfield></datafield><datafield tag="500" ind1=" " ind2=" "><subfield code="a">Ms. codex.</subfield></datafield><datafield tag="510" ind1="4" ind2=" "><subfield code="a">Cat. Pers. MSS. Brit. Mus.,</subfield><subfield code="c">p.644</subfield></datafield><datafield tag="520" ind1="8" ind2=" "><subfield code="a">Elegant copy of Subḥat al-abrār, the fourth of the seven seven mas̲navīs of Jāmī (d.1492) collected under the title Haft awrang.</subfield></datafield><datafield tag="538" ind1=" " ind2=" "><subfield code="a">Mode of access: Internet.</subfield></datafield><datafield tag="541" ind1=" " ind2=" "><subfield code="c">Purchase ;</subfield><subfield code="a">Acquired by purchase (funds donated by Horace Rackham).</subfield><subfield code="d">1924.</subfield></datafield><datafield tag="546" ind1=" " ind2=" "><subfield code="a">Persian.</subfield></datafield><datafield tag="561" ind1=" " ind2=" "><subfield code="a">Inscriptions in pencil on front flyleaf / 'title page' (now affixed to each other, p.1) "179 T. De M. [i.e. Tammaro De Marinis]" ; possible inventory mark or signature in lower inner corner of final leaf (p.262) ; relatively clean copy.</subfield></datafield><datafield tag="650" ind1=" " ind2="0"><subfield code="a">Manuscripts, Persian</subfield><subfield code="z">Michigan</subfield><subfield code="z">Ann Arbor.</subfield></datafield><datafield tag="650" ind1=" " ind2="0"><subfield code="a">Masnavis, Persian</subfield><subfield code="v">Early works to 1800.</subfield></datafield><datafield tag="650" ind1=" " ind2="0"><subfield code="a">Persian poetry</subfield><subfield code="y">747-1500.</subfield></datafield><datafield tag="655" ind1=" " ind2="7"><subfield code="a">Headpieces (layout features)</subfield><subfield code="y">16th century.</subfield><subfield code="2">aat</subfield></datafield><datafield tag="700" ind1="0" ind2=" "><subfield code="a">Abdülhamid</subfield><subfield code="b">II,</subfield><subfield code="c">Sultan of the Turks,</subfield><subfield code="d">1842-1918,</subfield><subfield code="e">former owner.</subfield></datafield><datafield tag="700" ind1="0" ind2=" "><subfield code="6">880-07</subfield><subfield code="a">Muḥammad ibn Mullā Mīr al-Ustādī,</subfield><subfield code="d">fl. 1573,</subfield><subfield code="e">scribe.</subfield></datafield><datafield tag="773" ind1="0" ind2=" "><subfield code="a">Abdul Hamid Collection.</subfield></datafield><datafield tag="880" ind1="0" ind2=" "><subfield code="6">700-07/</subfield><subfield code="a">محمد بن ملا مير الاستادى,</subfield><subfield code="e">ناسخ.</subfield></datafield><datafield tag="880" ind1="1" ind2="0"><subfield code="6">245-03/</subfield><subfield code="a">[سبحة الابرار,</subfield><subfield code="f">981ه, 1573م].</subfield></datafield><datafield tag="880" ind1="1" ind2="0"><subfield code="6">240-02/</subfield><subfield code="a">هفت اورنگ.</subfield><subfield code="p">سبحة الابرار</subfield></datafield><datafield tag="880" ind1="0" ind2=" "><subfield code="6">100-01/</subfield><subfield code="a">جامی.</subfield></datafield><datafield tag="CID" ind1=" " ind2=" "><subfield code="a">006815845</subfield></datafield><datafield tag="DAT" ind1="0" ind2=" "><subfield code="a">20190719102639.0</subfield><subfield code="b">20190719000000.0</subfield></datafield><datafield tag="DAT" ind1="1" ind2=" "><subfield code="a">20190719090653.0</subfield><subfield code="b">2019-07-19T16:11:45Z</subfield></datafield><datafield tag="DAT" ind1="2" ind2=" "><subfield code="a">2015-10-02T18:00:03Z</subfield></datafield><datafield tag="CAT" ind1=" " ind2=" "><subfield code="a">SDR-MIU</subfield><subfield code="d">EX LIBRIS - ALEPH</subfield><subfield code="l">prepare.pl-004-008</subfield></datafield><datafield tag="FMT" ind1=" " ind2=" "><subfield code="a">BK</subfield></datafield><datafield tag="HOL" ind1=" " ind2=" "><subfield code="0">sdr-miu006815845</subfield><subfield code="a">MiU</subfield><subfield code="b">SDR</subfield><subfield code="c">MIU</subfield><subfield code="p">mdp.39015079129527</subfield><subfield code="s">MIU</subfield><subfield code="1">006815845</subfield></datafield><datafield tag="974" ind1=" " ind2=" "><subfield code="b">MIU</subfield><subfield code="c">MIU</subfield><subfield code="d">20190719</subfield><subfield code="s">lit-dlps-dc</subfield><subfield code="u">mdp.39015079129527</subfield><subfield code="y">1573</subfield><subfield code="r">pd</subfield><subfield code="q">bib</subfield><subfield code="t">non-US bib date1 &lt; 1896</subfield></datafield></record></collection>